@book{conway2013course,
title={A course in functional analysis},
author={Conway, John B},
volume={96},
year={2013},
publisher={Springer Science \& Business Media}
}

@article{sokal2011really,
  title={A really simple elementary proof of the uniform boundedness theorem},
  author={Sokal, Alan D},
  journal={The American Mathematical Monthly},
  volume={118},
  number={5},
  pages={450--452},
  year={2011},
  publisher={Taylor \& Francis}
}