@article{unruh2019quantum,
  title={Quantum relational {H}oare logic},
  author={Unruh, Dominique},
  journal={Proceedings of the ACM on Programming Languages},
  volume={3},
  number={POPL},
  pages={1--31},
  year={2019},
  publisher={ACM New York, NY, USA}
}

@book{nipkow2002isabelle,
  title={Isabelle/HOL: a proof assistant for higher-order logic},
  author={Nipkow, Tobias and Paulson, Lawrence C and Wenzel, Markus},
  volume={2283},
  year={2002},
  publisher={Springer Science \& Business Media}
}

@book{conway2019course,
  title={A course in functional analysis},
  author={Conway, John B},
  volume={96},
  year={2019},
  publisher={Springer}
}

@inproceedings{fleuriot2000mechanization,
  title={On the mechanization of real analysis in Isabelle/HOL},
  author={Fleuriot, Jacques D},
  booktitle={International Conference on Theorem Proving in Higher Order Logics},
  pages={145--161},
  year={2000},
  organization={Springer}
}

@article{boldo2016formalization,
  title={Formalization of real analysis: A survey of proof assistants and libraries},
  author={Boldo, Sylvie and Lelay, Catherine and Melquiond, Guillaume},
  journal={Mathematical Structures in Computer Science},
  volume={26},
  number={7},
  pages={1196--1233},
  year={2016},
  publisher={Cambridge University Press}
}

@inproceedings{holzl2013type,
  title={Type classes and filters for mathematical analysis in Isabelle/HOL},
  author={H{\"o}lzl, Johannes and Immler, Fabian and Huffman, Brian},
  booktitle={International Conference on Interactive Theorem Proving},
  pages={279--294},
  year={2013},
  organization={Springer}
}


@article{fleuriot2000mechanizing,
  title={Mechanizing nonstandard real analysis},
  author={Fleuriot, Jacques D and Paulson, Lawrence C},
  journal={LMS Journal of Computation and Mathematics},
  volume={3},
  pages={140--190},
  year={2000},
  publisher={Cambridge University Press}
}


@inproceedings{holzl2011three,
  title={Three chapters of measure theory in Isabelle/HOL},
  author={H{\"o}lzl, Johannes and Heller, Armin},
  booktitle={International Conference on Interactive Theorem Proving},
  pages={135--151},
  year={2011},
  organization={Springer}
}

@inproceedings{aransay2015generalizing,
  title={Generalizing a mathematical analysis library in Isabelle/HOL},
  author={Aransay, Jes{\'u}s and Divas{\'o}n, Jose},
  booktitle={NASA Formal Methods Symposium},
  pages={415--421},
  year={2015},
  organization={Springer}
}

@article{zhang2012refinement,
  title={Refinement of operator-valued reproducing kernels},
  author={Zhang, Haizhang and Xu, Yuesheng and Zhang, Qinghui},
  journal={The Journal of Machine Learning Research},
  volume={13},
  pages={91--136},
  year={2012},
  publisher={JMLR. org}
}

@book{picard2011partial,
  title={Partial differential equations: A unified Hilbert space approach},
  author={Picard, Rainer and McGhee, Des},
  volume={55},
  year={2011},
  publisher={Walter de Gruyter}
}

@book{prugovecki1982quantum,
  title={Quantum mechanics in Hilbert space},
  author={Prugovecki, Eduard},
  year={1982},
  publisher={Academic Press}
}

@book{wilde2013quantum,
  title={Quantum information theory},
  author={Wilde, Mark M},
  year={2013},
  publisher={Cambridge University Press}
}


@inproceedings{thiemann2016formalizing,
  title={Formalizing Jordan normal forms in Isabelle/HOL},
  author={Thiemann, Ren{\'e} and Yamada, Akihisa},
  booktitle={Proceedings of the 5th ACM SIGPLAN Conference on Certified Programs and Proofs},
  pages={88--99},
  year={2016}
}

@article{li2020evaluating,
  title={Evaluating Winding Numbers and Counting Complex Roots through Cauchy Indices in Isabelle/HOL},
  author={Li, Wenda and Paulson, Lawrence C},
  journal={Journal of Automated Reasoning},
  volume={64},
  number={2},
  pages={331--360},
  year={2020},
  publisher={Springer}
}


@inproceedings{eberl2019nine,
  title={Nine Chapters of Analytic Number Theory in Isabelle/HOL},
  author={Eberl, Manuel},
  booktitle={10th International Conference on Interactive Theorem Proving (ITP 2019)},
  year={2019},
  organization={Schloss Dagstuhl-Leibniz-Zentrum fuer Informatik}
}

@inproceedings{li2019counting,
  title={Counting polynomial roots in Isabelle/HOL: a formal proof of the Budan-Fourier theorem},
  author={Li, Wenda and Paulson, Lawrence C},
  booktitle={Proceedings of the 8th ACM SIGPLAN International Conference on Certified Programs and Proofs},
  pages={52--64},
  year={2019}
}

	
@article{Jordan_Normal_Form-AFP,
  author  = {Ren√© Thiemann and Akihisa Yamada},
  title   = {Matrices, Jordan Normal Forms, and Spectral Radius Theory},
  journal = {Archive of Formal Proofs},
  month   = aug,
  year    = 2015,
  note    = {\url{http://isa-afp.org/entries/Jordan_Normal_Form.html},
            Formal proof development},
  ISSN    = {2150-914x},
}