@article{theisinger1915bemerkung,
  title={Bemerkung {\"u}ber die harmonische Reihe},
  author={Theisinger, L},
  journal={Monatshefte f{\"u}r Mathematik und Physik},
  volume={26},
  number={1},
  pages={132--134},
  year={1915},
  publisher={Springer}
}

@article{kurschak1918harmonic,
  title={On the harmonic series},
  author={K{\"u}rsch{\'a}k, J},
  journal={Matematikai {\'e}s Fizikai Lapok},
  volume={27},
  pages={299--300},
  year={1918}
}